% Encoding: UTF-8


@article{cherednichenko_cooper_2015,
title={Homogenization of the system of high-contrast Maxwell equations},
volume={61},
number={2},
journal={Mathematika},
 publisher={London Mathematical Society},
  author={Cherednichenko, Kirill and Cooper, Shane},
  year={2015},
  pages={475–500}
  }

@article{BOUCHITTE2004377,
title = "Homogenization near resonances and artificial magnetism from dielectrics",
journal = "Comptes Rendus Mathematique",
volume = "339",
number = "5",
pages = "377 - 382",
year = "2004",
issn = "1631-073X",
author = "Guy Bouchitté and Didier Felbacq"
}


@incollection{gratingbook,
author  = {Sebastien Guenneau and
Richard Craster and
Tryfon Antonakakis and
Elizabeth Skelton and
Kirill Cherednichenko and
Shane Cooper
},
  title        = "Homogenization Techniques for Periodic Structures",
  editor       = "Evgeny Popov",
  booktitle    = "{Gratings: Theory and Numeric Applications}",
  year         = 2014,
  chapter      = 11,
  pages        = "411--445",
  publisher    = "Presses Universitaires de Provence",
  edition      = 2,
  isbn         = "978-2-85399-943-4",
}





@article{Tagantsev2018,
	author = {Tagantsev, A. K. and Sherman, V. O. and Astafiev, K. F. and Venkatesh, J. and Setter, N.},
	title = {{Ferroelectric Materials for Microwave Tunable Applications}},
	journal = {J. Electroceram.},
	volume = {11},
	number = {1-2},
	pages = {5--66},
	year = {2018},
	issn = {1385-3449},
	publisher = {Kluwer Academic Publishers},
}


@article{Allaire92,
author = {Allaire, G.},
title = {Homogenization and Two-Scale Convergence},
journal = {SIAM Journal on Mathematical Analysis},
volume = {23},
number = {6},
pages = {1482-1518},
year = {1992},
}



@article{Guenneau2000,
author = { S. Guenneau  and  F. Zolla },
title = {Homogenization of Three-Dimensional Finite Photonic Crystals},
journal = {Journal of Electromagnetic Waves and Applications},
volume = {14},
number = {4},
pages = {529-530},
year  = {2000},
publisher = {Taylor & Francis},
}



@article{Zhou2008,
author = {Zhou,K.  and Boggs,S. A.  and Ramprasad,R.  and Aindow,M.  and Erkey,C.  and Alpay,S. P. },
title = {Dielectric response and tunability of a dielectric-paraelectric composite},
journal = {Applied Physics Letters},
volume = {93},
number = {10},
pages = {102908},
year = {2008},
}


@ARTICLE{Krowne2002,
author={C. M. Krowne and M. Daniel and S. W. Kirchoefer and J. A. Pond},
journal={IEEE Transactions on Microwave Theory and Techniques},
title={Anisotropic permittivity and attenuation extraction from propagation constant measurements using an anisotropic full-wave Green's function solver for coplanar ferroelectric thin-film devices},
year={2002},
volume={50},
number={2},
pages={537-548},
ISSN={0018-9480},
month={Feb},}


@article{gmsh,
author = {Geuzaine, Christophe and Remacle, Jean-François},
title = {Gmsh: A 3-D finite element mesh generator with built-in pre- and post-processing facilities},
journal = {International Journal for Numerical Methods in Engineering},
volume = {79},
number = {11},
pages = {1309-1331},
keywords = {computer-aided design, mesh generation, post-processing, finite element method, open-source software},
}


@article{getdp,
  author =	 "P. Dular and C. Geuzaine and F. Henrotte and
                  W. Legros",
  title =	 "A general environment for the treatment of discrete
                  problems and its application to the finite element
                  method",
  journal =	 "IEEE Transactions on Magnetics",
  volume =	 34,
  number =	 5,
  pages =	 "3395--3398",
  month =	 sep,
  year =	 "1998",
}

@article{MUMPS,
   author  = {P. R. Amestoy and I. S. Duff and J. Koster and J.-Y. L'Excellent},
   title   = {A Fully Asynchronous Multifrontal Solver Using Distributed Dynamic Scheduling},
   journal = {SIAM Journal on Matrix Analysis and Applications},
   volume  = {23},
   number  = {1},
   year    = {2001},
   pages   = {15-41}
 }

 @article{vendik1999ferroelectric,
   title={Ferroelectric tuning of planar and bulk microwave devices},
   author={Vendik, OG and Hollmann, EK and Kozyrev, AB and Prudan, AM},
   journal={Journal of Superconductivity},
   volume={12},
   number={2},
   pages={325--338},
   year={1999},
   publisher={Springer}
 }

 @article{lancaster1998thin,
   title={Thin-film ferroelectric microwave devices},
   author={Lancaster, MJ and Powell, J and Porch, A},
   journal={Superconductor Science and Technology},
   volume={11},
   number={11},
   pages={1323},
   year={1998},
   publisher={IOP Publishing}
 }

 @article{xi2000oxide,
   title={Oxide thin films for tunable microwave devices},
   author={Xi, XX and Li, Hong-Cheng and Si, Weidong and Sirenko, AA and Akimov, IA and Fox, JR and Clark, AM and Hao, Jianhua},
   journal={Journal of Electroceramics},
   volume={4},
   number={2-3},
   pages={393--405},
   year={2000},
   publisher={Springer}
 }



 @article{Hand2008,
 author = {Hand,Thomas H.  and Cummer,Steven A. },
 title = {Frequency tunable electromagnetic metamaterial using ferroelectric loaded split rings},
 journal = {Journal of Applied Physics},
 volume = {103},
 number = {6},
 pages = {066105},
 year = {2008},
				 }



@article{Zhao2008,
author = {Zhao,Hongjie  and Kang,Lei  and Zhou,Ji  and Zhao,Qian  and Li,Longtu  and Peng,Liang  and Bai,Yang },
title = {Experimental demonstration of tunable negative phase velocity and negative refraction in a ferromagnetic/ferroelectric composite metamaterial},
journal = {Applied Physics Letters},
volume = {93},
number = {20},
pages = {201106},
year = {2008},
}

@article{Sherman2006,
author = {Sherman,Vladimir O.  and Tagantsev,Alexander K.  and Setter,Nava  and Iddles,David  and Price,Tim },
title = {Ferroelectric-dielectric tunable composites},
journal = {Journal of Applied Physics},
volume = {99},
number = {7},
pages = {074104},
year = {2006},
}


@article{jylha2008tunability,
  title={Tunability of granular ferroelectric dielectric composites},
  author={Jylha, Liisi and Sihvola, Ari Henrik},
  journal={Progress in Electromagnetics Research},
  volume={78},
  pages={189--207},
  year={2008},
  publisher={EMW Publishing}
}

@INPROCEEDINGS{Sherman2004,
author={V. O. Sherman and A. K. Tagantsev and N. Setter},
booktitle={14th IEEE International Symposium on Applications of Ferroelectrics, 2004. ISAF-04. 2004},
title={Tunability and loss of the ferroelectric-dielectric composites},
year={2004},
volume={},
number={},
pages={33-38},
ISSN={1099-4734},
month={Aug},}

@article{ASTAFIEV20032381,
title = "Can the addition of a dielectric improve the figure of merit of a tunable material?",
journal = "Journal of the European Ceramic Society",
volume = "23",
number = "14",
pages = "2381 - 2386",
year = "2003",
note = "Microwave Materials and Applications",
issn = "0955-2219",
author = "K.F. Astafiev and V.O. Sherman and A.K. Tagantsev and N. Setter",
keywords = "Composites, Ferroelectrics, Quality factor, Tunable microwave devices"
}
@Comment{jabref-meta: databaseType:bibtex;}
